<?xml version="1.0" encoding="UTF-8"?><record xmlns="http://www.loc.gov/MARC21/slim" xmlns:cinclude="http://apache.org/cocoon/include/1.0" xmlns:zs="http://www.loc.gov/zing/srw/">
  <leader>00432cz  a2200133n  4500</leader>
  <controlfield tag="001">n  83005585 </controlfield>
  <controlfield tag="003">DLC</controlfield>
  <controlfield tag="005">20070317074823.0</controlfield>
  <controlfield tag="008">830412n| acannaabn          |a aaa      </controlfield>
  <datafield tag="010" ind1=" " ind2=" ">
    <subfield code="a">n  83005585 </subfield>
  </datafield>
  <datafield tag="040" ind1=" " ind2=" ">
    <subfield code="a">DLC</subfield>
    <subfield code="b">eng</subfield>
    <subfield code="c">DLC</subfield>
    <subfield code="d">DNGA</subfield>
  </datafield>
  <datafield tag="100" ind1="1" ind2="0">
    <subfield code="a">Sterling, Charles,</subfield>
    <subfield code="d">1901-1991.</subfield>
    <subfield code="t">Nature morte de l'antiquiteĚ aĚ nos jours.</subfield>
    <subfield code="l">English</subfield>
  </datafield>
  <datafield tag="400" ind1="1" ind2="0">
    <subfield code="a">Sterling, Charles,</subfield>
    <subfield code="d">1901-1991.</subfield>
    <subfield code="t">Still life painting</subfield>
  </datafield>
  <datafield tag="670" ind1=" " ind2=" ">
    <subfield code="a">His Still life painting, c1981.</subfield>
  </datafield>
</record>